@ARTICLE{2014arXiv1404.0844A,
   author = {{Aucher}, G. and {Maubert}, B. and {Pinchinat}, S.},
    title = "{Automata Techniques for Epistemic Protocol Synthesis}",
  journal = {ArXiv e-prints},
archivePrefix = "arXiv",
   eprint = {1404.0844},
 primaryClass = "cs.LO",
 keywords = {Computer Science - Logic in Computer Science},
     year = 2014,
    month = apr,
   adsurl = {http://adsabs.harvard.edu/abs/2014arXiv1404.0844A},
  adsnote = {Provided by the SAO/NASA Astrophysics Data System}
}
@article{e4e604b96afd4002b1aef671f4ffa495,
  title     = "Epistemic planning for single- and multi-agent systems",
  author    = "Thomas Bolander and Andersen, {Mikkel Birkegaard}",
  year      = "2011",
  doi       = "10.3166/jancl.21.9-34",
  volume    = "21",
  pages     = "9--34",
  journal   = "Journal of Applied Non-Classical Logics",
  issn      = "1166-3081",
  publisher = "Taylor & Francis",
  number    = "1",
}
